4856 5857
2359 598 2436 685 5

756 856 1056 958 aliquid
1104 852 1674 957 significarunt,
1721 850 2242 929 „amno-uem
2286 847 2504 927 modo
2553 875 2718 927 cum
2761 849 3157 952 particula
3204 858 3359 955 γάρ
3403 855 3760 958 incipere,
3813 857 4031 937 modo

759 992 925 1069 cine
1001 990 1201 1068 omni
1272 984 1552 1089 copula
1567 1036 1595 1080 ‚
1670 985 1790 1062 uti
1862 980 2138 1060 Aesoh.
2212 980 2585 1061 Prometh.
2670 984 2839 1061 199.
2976 985 3408 1064 Praeterea
3480 988 3606 1064 rei
3684 990 4033 1090 gravitas

758 1129 1104 1224 propter
1184 1116 1464 1221 -ipsum
1474 1169 1502 1211 ,
1611 1141 1845 1220 quem
1943 1113 2279 1208 excitat,
2384 1114 2753 1194 affectum
2851 1117 3116 1221 logica
3213 1116 3364 1197 ista
3462 1120 4034 1222 particularum

760 1251 1234 1335 adminicula
1300 1251 1647 1352 respuit.
1786 1250 1891 1329 cf.
1966 1248 2288 1326 Dissen.
2363 1246 2466 1324 ad
2526 1248 2761 1326 Pind.
2827 1249 2886 1327 1.
2949 1251 3004 1326 l.
3090 1276 3168 1352 p.
3238 1250 3415 1328 279.
3540 1252 3746 1330 Tum
3811 1279 4034 1353 qum

757 1386 1111 1464 narratio
1187 1385 1544 1483 graviter
1623 1381 1894 1481 finitur
1907 1433 1936 1474 ‚
2040 1389 2444 1483 postremo
2522 1406 2743 1481 quum
2831 1406 2960 1460 res
3033 1397 3214 1460 ante
3284 1383 3408 1462 vel
3492 1386 3838 1463 universe
3910 1385 4036 1465 vel

758 1518 1152 1597 obscurius
1238 1514 1584 1592 indicata
1661 1513 2023 1617 pluribus
2122 1511 2557 1613 amplientur
2642 1515 3103 1592 accuratius.
3251 1515 3383 1594 De
3484 1518 3801 1597 duobus
3901 1517 4031 1597 his

758 1647 1341 1754 posterioribus
1392 1646 1835 1726 accuratius
1884 1645 2294 1750 agendum.
2407 1645 2517 1724 Ut
2574 1646 2871 1749 prioris
2940 1647 3262 1748 generis
3306 1651 3752 1752 exemplum
3787 1676 4032 1729 unum

754 1785 1022 1861 locum
1114 1781 1433 1883 profert
1521 1779 2026 1858 Hemannus
2125 1777 2361 1856 Hom.
2466 1780 2564 1858 Π.
2657 1778 2736 1874 1,
2849 1776 3026 1859 531.
3130 1782 3309 1879 τώγ’
3387 1777 3496 1869 (ὃς
3567 1783 4030 1879 βελεύσαντε

754 1912 1182 2011 διέτμαγεν.
1285 1912 1768 1993 Gravitatem
1817 1937 1979 1990 non
2031 1936 2412 2013 agnosco,
2466 1912 2611 1991 sed
2660 1939 2888 1991 usum
2937 1914 3150 2016 apud
3197 1914 3540 1992 Graecos
3591 1916 4030 2017 scriptores

758 2045 1507 2148 frequentissimum.
1621 2043 2031 2124 Adverbio
2092 2040 2228 2139 ὥς,
2293 2045 2419 2122 uti
2470 2046 2787 2126 omnino
2854 2046 3250 2125 adverbiis
3293 2056 3381 2123 et
3425 2044 4032 2148 pronominibus

756 2176 1405 2257 demonstrativis
1451 2177 1539 2255 in
1584 2176 1817 2255 initio
1866 2177 2247 2257 orationis
2292 2177 2605 2280 positis,
2659 2204 2903 2279 quum
2949 2179 3183 2273 ratio,
3236 2205 3387 2280 qua
3415 2178 3829 2281 sequentia
3854 2201 4031 2256 cum

756 2309 1423 2388 antecedentibus
1554 2311 2144 2410 conjungantur
2165 2361 2192 2406 ,
2340 2310 2752 2390 indicetur
2771 2362 2800 2403 ‚
2938 2311 3386 2413 particulae
3531 2309 4030 2412 copulativae

603 2538 607 2549 .
755 2440 1393 2519 addidamentum
1440 2440 1761 2518 minime
1796 2451 1923 2520 est
1960 2441 2510 2521 necessarium.
2617 2442 2758 2521 Sic
2791 2438 2902 2530 ὥς
2935 2450 3175 2541 φάτο,
3228 2441 3334 2533 ὥς
3358 2443 3587 2544 ἔφαν,
3635 2440 3742 2529 ὥς
3770 2438 4029 2517 εἰπών.

756 2574 860 2650 11.
910 2572 1057 2665 111,
1109 2569 1281 2648 243.
1337 2571 1515 2649 259.
1566 2569 1739 2650 302.
1791 2571 1965 2651 395.
2068 2574 2211 2654 Iv.
2264 2576 2382 2651 20.
2432 2573 2554 2652 68.
2611 2573 2780 2651 104.
2838 2574 3003 2651 198.
3087 2577 3190 2670 V,
3242 2575 3416 2653 511.
3469 2587 3554 2651 et
3602 2573 3778 2651 aliis
3827 2569 4031 2647 locis

756 2704 1218 2784 innumeris.
1338 2706 1797 2806 Quanquam
1859 2707 2063 2784 locis
2126 2708 2530 2787 nonnullis
2596 2706 2992 2809 particula
3058 2708 3326 2785 addita
3375 2718 3498 2784 est
3511 2756 3539 2800 ‚
3617 2702 3872 2782 veluti
3921 2699 4031 2790 ὥς

756 2834 885 2940 ἄρ’
968 2837 1192 2940 ἔφαν.
1256 2836 1424 2931 111,
1478 2834 1655 2915 324.
1760 2840 1883 2934 V,
1928 2839 2103 2917 511.
2206 2841 2381 2923 Qua
2444 2837 2530 2915 in
2594 2863 2690 2916 re
2748 2842 3219 2937 notandum,
3289 2839 3504 2942 quod
3568 2830 3628 2937 ἦ
3668 2861 3826 2939 pro
3873 2831 4033 2936 ἔφη

756 2997 1006 3076 saepe
1058 2972 1236 3049 sine
1276 2970 1661 3051 adverbio
1684 2971 2300 3052 demonstrativo
2328 2971 2760 3061 ἀσυνδέτους
2791 2973 3150 3079 ponitur,
3202 2974 3458 3051 verbo
3480 2968 4027 3073 monosyllabo

756 3105 987 3205 quasi
1034 3102 1481 3205 particulae
1528 3103 1787 3183 vicem
1835 3106 2296 3184 sustinente.
2405 3131 2484 3185 v.
2531 3106 2631 3184 Π.
2682 3108 2843 3201 111,
2892 3106 3070 3183 292.
3120 3103 3295 3182 310.
3347 3102 3522 3181 369.
3622 3105 3767 3195 IV,
3826 3099 4024 3192 192.,

760 3256 1202 3334 quanquam
1264 3233 1444 3311 aliis
1506 3235 1713 3312 locis
1759 3230 1816 3334 ἦ
1875 3235 1985 3337 ῥα
2050 3238 2392 3335 dicitur,
2458 3237 2714 3320 veluti
2809 3239 2957 3336 ΠΙ,
3010 3236 3179 3316 355.
3237 3236 3411 3314 447.
3515 3237 3633 3313 lv
3646 3288 3674 3330 ,
3727 3232 3845 3311 82.
3901 3226 4027 3307 93.

759 3366 866 3458 V»
919 3363 1095 3441 280.
1194 3363 1273 3443 N
1272 3389 1369 3443 ec
1426 3364 1685 3444 minus
1733 3368 2117 3469 frequens
2176 3371 2333 3451 iste
2383 3373 2947 3476 particularum
2998 3369 3790 3450 demonstrativam
3834 3385 4028 3441 usus

758 3496 938 3573 aliis
988 3494 1073 3573 in
1126 3497 1391 3573 rebus.
1494 3498 1592 3574 ΙΙ.
1618 3499 1738 3575 IV
1736 3546 1788 3589 .,
1840 3499 2013 3574 250.
2068 3499 2179 3588 ὥς
2226 3502 2365 3595 ὅγε
2402 3515 2820 3600 κοιρανέων
2864 3504 3333 3582 ἐπεπωλεῖτο
3376 3508 3659 3596 στίχας
3695 3495 4034 3598 ἄνδρων-ι

762 3624 940 3703 310.
1021 3625 1131 3717 ὥς
1176 3626 1229 3704 ὁ
1270 3633 1525 3728 γέρων
1570 3624 1883 3730 ὤτρυνε.
1988 3631 2151 3714 Qui
2219 3631 2539 3734 quidem
2593 3658 2783 3711 usus
2844 3631 3211 3734 inprimis
3261 3635 3363 3713 iis
3411 3634 3653 3725 locis,
3732 3628 4024 3730 quibus

762 3760 993 3862 plura
1068 3760 1155 3837 in
1229 3783 1476 3838 unum
1547 3760 2082 3867 colliguntur,
2175 3764 2265 3843 in
2339 3789 2607 3843 rerum
2682 3766 3168 3868 repetitione
3242 3775 3327 3844 et
3402 3759 4023 3869 congregatione

760 3892 1025 3972 locum
1072 3893 1338 3971 habet.
1440 3887 1818 3994 Sophocl.
1877 3897 2144 4001 Antig.
2196 3923 2275 3974 v.
2335 3897 2505 3975 191.
2583 3897 2900 3988 totels&
2951 3897 3102 4000 ἐγὼ
3160 3905 3465 3995 νόμοισι
3525 3894 3736 3995 τήνδ’
3806 3889 4022 3984 αὔξω

748 4028 1017 4102 πόλιν.
1117 4052 1190 4103 v.
1255 4025 1461 4102 207.-
1508 4026 1793 4105 τοιόνδ’
1868 4028 2053 4126 ἐμὸν
2115 4037 2513 4133 φρόνημα.
2609 4059 2686 4111 v.
2756 4031 2933 4111 231.
3013 4038 3318 4110 ’τοιαῦτ’
3373 4033 3697 4111 ἑλίσσων
3753 4022 4024 4125 ἤνυτον

765 4159 1030 4256 σχολῇ
1107 4156 1427 4259 βραδύς·
1567 4160 1731 4241 Alii
1806 4160 1970 4243 loci
2044 4165 2505 4245 Hermanno
2585 4178 2814 4244 erant
2883 4166 3354 4270 proferendi
3375 4217 3403 4261 ‚
3500 4175 3597 4243 ut
3668 4148 4029 4265 regulam

766 4291 1273 4371 certissimam
1322 4294 1709 4397 exemplis
1757 4296 2109 4375 fulciret.
2212 4298 2596 4402 Sophocl.
2639 4301 2932 4404 Oedip.
2971 4299 3166 4404 Tyr.
3191 4327 3269 4380 v.
3296 4299 3472 4378 871.
3516 4290 4019 4402 gravissimae

764 4422 1070 4523 primae
1145 4425 1515 4505 carminis
1573 4429 1951 4532 strophae
2012 4431 2460 4510 sententiae
2519 4434 2916 4514 finiuntur
2983 4432 3253 4514 verbis
3327 4437 3570 4530 μέγας
3629 4427 3707 4508 ἓν
3762 4425 4021 4511 πότοις

767 4552 988 4652 θεός,
1044 4554 1179 4633 ὅδὲ
1232 4567 1603 4661 γηράσκω
1663 4564 1841 4643 sine
1900 4565 2186 4667 copula
2235 4564 2525 4648 additis
2539 4616 2569 4661 ,
2643 4567 2950 4673 quippe
2995 4567 3287 4670 quibus
3335 4563 3608 4645 divina
3653 4563 4021 4667 majestas
