4856 5857
2292 592 2445 686 1!

720 857 1014 960 Incipit
1062 853 1452 958 particula
1512 849 1566 950 ἦ
1581 877 1628 928 ν
1644 905 1669 947 ,
1732 861 1827 931 ut
1885 846 2458 930 sententiarum
2521 848 2682 927 sibi
2755 850 3296 953 oppositarum
3356 851 3563 930 ratio
3613 853 3832 930 clare
3898 858 3983 931 et

717 991 1148 1094 perspicue
1225 986 1759 1086 significetur,
1849 984 2261 1084 voluitque
2335 981 2718 1083 primum,
2799 1008 3004 1084 quae
3077 987 3250 1085 ejus
3327 995 3452 1061 est
3517 984 3978 1076 humanitas,

718 1148 1101 1225 pergere:
1203 1118 1510 1215 ἔχοντές
1570 1143 1676 1193 ·τι
1775 1122 2225 1214 ξυγγνώμης
2325 1106 2469 1190 ὦσι
2484 1166 2512 1210 ,
2611 1118 2757 1194 sed
2834 1117 3101 1194 subito
3176 1127 3653 1194 structuram
3701 1127 3977 1209 mutat,

714 1254 1147 1358 optativum
1215 1252 1488 1354 ponit,
1593 1263 1685 1329 ut
1756 1251 2200 1353 significet,
2294 1249 2452 1325 hoc
2534 1249 3026 1353 cogitatione
3108 1260 3410 1325 tantum
3497 1248 3730 1353 poni,
3832 1246 3980 1328 sed

717 1413 760 1466 a
809 1412 1007 1465 vero
1075 1385 1513 1463 abhorrere
1528 1436 1557 1478 ,
1634 1403 1787 1462 nec
1852 1384 2068 1462 serio
2134 1408 2185 1460 a
2244 1406 2637 1482 quoquam
2699 1381 2940 1460 statui
2999 1407 3263 1482 posse.
3349 1375 3497 1459 Ἤν
3544 1381 3753 1459 enim
3801 1406 3982 1458 cum

714 1518 1255 1620 conjunctivo,
1294 1517 1417 1596 uti
1452 1518 1747 1595 dudum
1790 1514 2365 1594 demonstravit
2389 1514 2819 1593 Hermann.
2849 1515 2950 1589 ad
2973 1514 3279 1618 Viger.,
3312 1514 3412 1590 ad
3438 1511 3980 1616 experientiae

716 1650 1374 1753 significationem
1471 1647 1901 1728 adhibetur
1989 1658 2076 1725 et
2164 1657 2331 1725 tum
2406 1649 2720 1725 demum
2805 1647 3071 1725 locum
3142 1646 3422 1740 habet,
3528 1670 3767 1746 quum
3846 1670 3980 1723 res

716 1782 1152 1885 significata
1225 1783 1410 1860 fieri
1487 1794 1571 1860 et
1640 1808 1833 1861 vera
1905 1783 2173 1858 futura
2246 1806 2424 1860 esse
2501 1791 2806 1883 potest,
2863 1777 2976 1883 Ιεἰ
3048 1804 3229 1858 cum
3314 1779 3671 1879 optativo
3743 1779 3982 1879 plane

715 1915 1060 2016 logicum
1142 1926 1267 1992 est
1344 1926 1426 1991 et
1498 1914 1969 2015 simpliciter
2046 1913 2152 1990 ad
2217 1913 2773 2011 cogitationem
2839 1913 3254 1990 refmtur.'
3318 1915 3681 2012 Agnosco
3732 1911 3984 2013 igitur

620 2119 631 2131 ,
714 2047 801 2123 in
876 2046 1026 2124 hac
1102 2045 1362 2124 subita
1436 2052 1919 2122 structurae·
1947 2043 2387 2119 mutatione
2449 2037 2654 2141 ἦθος
2700 2045 3094 2144 quoddam
3139 2045 3559 2122 mirificum
3607 2053 3692 2120 et
3741 2043 3982 2144 plane

715 2174 1349 2278 Thucydide'um.
1447 2174 1877 2271 DiodotuS,
1929 2174 2055 2253 vir
2076 2175 2575 2254 humanitatis
2602 2177 2896 2252 affectu
2936 2174 3214 2253 intimo
3239 2175 3496 2253 animo
3521 2162 3978 2267 commotus,

713 2311 926 2388 mitis
996 2320 1081 2387 et
1145 2308 1638 2401 misericors,
1714 2304 2141 2410 iutelligit,
2217 2307 2522 2385 habere
2549 2334 2558 2345 ²
2585 2308 2921 2387 Lesbios
2942 2358 2967 2400 ,
3055 2333 3217 2407 quo
3296 2333 3386 2384 se
3450 2316 3860 2387 excusent.
3900 2318 3982 2384 et

715 2454 1067 2546 purgent
1090 2494 1119 2536 ,
1197 2441 1374 2543 ipse
1436 2439 2025 2519 excusationem
2086 2440 2175 2518 in
2222 2453 2571 2542 *promtu
2628 2441 2871 2517 habet
2887 2492 2912 2535 ,
3004 2439 3150 2516 sed
3218 2464 3387 2517 eam
3461 2440 3835 2541 reprimit
3898 2450 3982 2518 et

714 2576 1044 2670 reticet,
1119 2575 1241 2651 uti
1304 2575 1540 2651 homo
1600 2574 1917 2676 sapiens
1983 2584 2069 2650 et
2131 2576 2531 2676 prudenS,
2612 2573 3126 2678 popularium
3189 2571 3481 2648 animos
3548 2570 3982 2650 irritabiles

716 2707 1049 2801 veritus,
1101 2707 1530 2810 posuitque
1578 2706 1703 2800 id,
1770 2707 1988 2808 quod
2038 2707 2170 2785 vel
2215 2708 2767 2787 acerbissimus
2810 2706 3066 2809 judex
3110 2702 3364 2804 aequo
3406 2703 3660 2780 animo
3703 2703 3982 2781 audire

712 2841 1001 2944 possit,
1058 2867 1151 2918 ea
1203 2852 1461 2917 tamen
1513 2838 1891 2917 orationis
1938 2840 2565 2919 conformatione
2601 2867 2820 2937 usus,
2870 2850 2985 2936 ut,
3011 2874 3018 2883 ·
3043 2838 3186 2941 qui
3233 2846 3533 2915 attente
3585 2835 3983 2913 audiverit

716 2977 851 3052 vel
901 2975 1195 3080 legerit
1210 3027 1236 3068 ,
1317 2974 1401 3051 in
1460 2975 1711 3076 ipsius
1761 2973 2116 3076 pectoris
2166 2976 2604 3077 penetralia
2653 2973 2910 3078 possit
2969 2971 3512 3073 introspicere·
3552 2948 3978 3072 {eramque

717 3108 893 3207 ejus
945 3106 1413 3183 sententiam
1468 3131 1925 3207 agnoscere.
2036 3105 2229 3184 Scio
2280 3108 2594 3185 futuros
2647 3127 2866 3201 esse,
2933 3106 3070 3208 qui
3120 3105 3325 3183 hanc
3375 3102 3982 3206 explicationem

714 3249 808 3316 ut
885 3237 1119 3315 'nimis
1200 3238 1575 3314 subtilem
1655 3246 1739 3312 et
1814 3247 2169 3336 argutam
2248 3239 2705 3332 derideant,
2821 3239 2971 3318 sed
3044 3237 3567 3344 Thucydides
3636 3259 3800 3311 non
3876 3234 3979 3312 iis

716 3370 1091 3472 scriptuS‚
1128 3370 1283 3472 qui
1339 3369 1592 3447 omnia
1640 3367 2123 3470 primoribus
2174 3382 2469 3449 tantum
2510 3371 2757 3449 labris
2807 3375 3256 3474 degustent,
3311 3371 3457 3447 sed
3492 3368 3635 3469 qui
3671 3367 3979 3469 singula

715 3516 1040 3586 strenua
1091 3525 1279 3580 cura
1329 3503 1706 3580 rimantes
1760 3511 1846 3578 et
1895 3504 2420 3582 examinantes
2464 3506 2695 3582 etiam
2736 3505 2821 3582 in
2857 3506 3101 3582 rebus
3130 3503 3400 3604 specie
3433 3499 3976 3578 minutissimis

716 3662 897 3715 cum
954 3636 1369 3737 voluptate
1438 3635 1771 3735 quadam
1834 3613 2241 3714 haereant.
2326 3639 2583 3724 *Quae
2652 3637 2828 3716 istis
2891 3644 3390 3738 nugaeaesunt
3460 3643 3545 3712 et
3592 3623 3976 3736 argutiae}

716 3769 842 3847 his
907 3775 1093 3848 sunt
1159 3768 1734 3847 sententiarum
1806 3771 2159 3847 acumina
2224 3780 2309 3845 et
2370 3769 2928 3870 cogitationum
2997 3767 3416 3846 subtilitas.
3475 3809 3581 3823 —
3676 3767 3979 3860 Restat,

714 3913 805 3980 ut
872 3901 1128 3978 verbo
1195 3925 1550 3977 moneam
1586 3901 1699 3978 ‘in
1748 3902 2249 4004 Thucydidis
2316 3901 2497 3978 loco
2517 3953 2541 3992 ,
2608 3902 2719 3976 'ad
2799 3927 3034 4001 quem
3108 3899 3660 4003 explicandum
3737 3922 3979 3999 supra

718 4031 978 4136 posita
1031 4033 1456 4110 adtulimus
1475 4086 1500 4129 ,
1583 4034 2044 4112 Goellerum
2109 4034 2281 4112 sine
2346 4058 2615 4111 caussa
2653 4034 3014 4112 'haerere
3081 4035 3165 4111 in
3230 4033 3619 4136 particula
3664 4036 3748 4108 τέ
3793 4039 3981 4133 post

715 4163 1305 4266 προαισθέσθαι
1401 4166 1684 4268 posita.
1838 4165 2446 4267 Προαισθέςθαι
2554 4190 2637 4240 τε
2752 4170 2885 4242 καὶ
2995 4172 3438 4265 προνοῆσαί
3546 4162 3980 4242 arctissima

719 4297 1109 4374 relatione
1160 4272 1373 4374 inter
1420 4323 1507 4376 se
1557 4310 1742 4378 sunt
1781 4302 2075 4400 juncta.
2180 4299 2408 4376 Istud
2459 4300 2665 4375 enim
2718 4313 2944 4376 antea
2995 4301 3274 4376 sentire
3326 4323 3579 4399 aeque
3613 4297 3974 4399 ineptum

717 4437 801 4505 ct
862 4428 1399 4532 perniciosum
1466 4443 1700 4533 atque
1765 4431 1970 4511 illud
2033 4446 2260 4511 antea
2327 4454 2471 4508 non
2534 4431 2991 4532 intelligere.
3106 4431 3442 4534 Negatio
3509 4430 3719 4508 enim
3782 4429 3977 4506 latet

719 4561 805 4637 in
857 4562 1251 4663 adjectivo
1302 4563 1646 4664 βραδεῖς.
1697 4605 1801 4622 --
3339 4535 3346 4542 ’

3104 4697 3143 4753 a
