4856 5857
2270 606 2438 704 19

716 870 1201 959 succedunt,
1302 856 1774 969 plerumque
1847 871 2033 941 sunt
2102 854 2396 940 tutiora
2414 913 2444 955 ,
2525 860 2691 940 'sed
2765 888 2921 965 per
2985 862 3526 945 attractionem
3566 867 3978 971 quandam

710 1007 809 1077 τὰ
856 1005 1119 1076 πολλά
1184 1000 1597 1098 conjunxit
1658 992 1842 1075 *cum
1866 997 2313 1093 -ev’wxffvta
2379 995 2829 1071 accusativo
2894 997 3013 1072 in·
3044 1000 3602 1076 nominativum
3653 1011 3975 1093 mutato,

628 1150 638 1157 ·
714 1158 876 1235 quo
940 1132 1197 1209 oratio
1266 1133 1752 1208 redderetur
1812 1130 2116 1207 firmior
2185 1127 2611 1227 nervisque
2687 1130 2932 1229 magis
3017 1132 3446 1208 constricta
3508 1132 3643 1208 vel
3709 1115 3994 1234 potius*

716 1268 1006 1343 clarior
1133 1260 1659 1363 sensibusque
1782 1262 2026 1366 magis
2155 1262 2557 1360 subjecta,
2688 1261 2994 1361 quippe
3101 1261 3234 1338 cui
3347 1263 3474 1339 rei
3600 1263 3982 1341 inserviat

713 1397 1195 1497 adjectivum
1258 1390 1412 1497 'pro
1478 1394 1862 1471 adverbio
1927 1420 1993 1470 s.
2073 1418 2260 1473 casu
2334 1392 2767 1471 adverbiali
2823 1394 3199 1494 positum.
3335 1396 3582 1477 Quam
3657 1396 3978 1494 quidem

718 1522 1221 1630 Thucydidis
1329 1524 1713 1604 virtutem
1772 1536 2378 1625 fnonnunquam
2499 1525 2726 1603 abire
2843 1525 2929 1601 in
3042 1524 3325 1605 vitium
3430 1525 3645 1603 inter
3757 1528 3979 1607 viros

715 1661 990 1738 doctos
1061 1667 1383 1737 constat.

1871 2020 2231 2106 ΤΙηιο.
2286 2018 2542 2116 111,
2616 2019 2826 2104 4⁰.

715 2211 1086 2288 Μάλιστα
1186 2209 1274 2286 δὲ
1372 2204 1452 2286 οἱ
1492 2178 1620 2309 νμὴ
1687 2208 1835 2310 ξὺν
1919 2217 2314 2313 προφάσει
2397 2214 2566 2287 τινα
2661 2209 2910 2297 κακῶς
2998 2211 3346 2299 ποιέντες
3443 2208 3981 2315 ἐπεξέρχονται

1016 2367 1147 2438 καὶ
1202 2360 1660 2439 διόλλυνται.

1015 2601 1095 2674 A
1108 2602 1253 2674 ιόλ
1270 2601 1615 2677 λυνται
1717 2598 2136 2676 Goellerus
2220 2622 2395 2675 cum
2487 2598 2875 2699 Poppone
2973 2597 3410 2675 Hermanni
3501 2596 3981 2674 sententiam

709 2742 1033 2809 ‘secutus
1085 2733 1464 2834 explicat:
1544 2730 1712 2811 Sie
1778 2731 2230 2808 koennen
2296 2757 2398 2808 es
2461 2729 2734 2806 nicht
2798 2740 3304 2831 ertragen,
3360 2728 3737 2807 Gefahr
3797 2755 3984 2807 von

712 2866 920 2942 dem
998 2866 1529 2942 verschont
1606 2864 2284 2967 gebliebenen
2362 2848 2733 2940 Peinde
2822 2861 3275 2941 siirchten
3351 2887 3477 2939 zu
3555 2867 3981 2957 miissen,

713 2997 1095 3100 quicquid
1140 2995 1452 3075 Arnald.
1482 2997 1761 3075 Blomf.
1792 2997 2178 3075 Doederl-
2220 3004 2494 3074 contra
2544 2996 2943 3072 dixerunt.
3045 2995 3554 3099 Argumentis
3583 2996 3980 3074 Doederl.

713 3127 800 3202 in
897 3127 1116 3204 Lect.
1226 3129 1461 3205 Hom.
1564 3154 1781 3230 spec.
1864 3128 2019 3219 111,
2126 3154 2203 3228 p.
2289 3127 2399 3201 ll.
2483 3126 2816 3229 prolatis
2904 3129 3058 3205 hoc
3156 3154 3397 3205 unum
3490 3107 3970 3222 addiderim,

713 3255 1286 3333 διόλλυνται
1384 3260 1542 3334 hoc
1641 3262 1821 3336 loco
1924 3284 2085 3334 non
2188 3253 2442 3337 activa
2536 3260 3119 3363 significatione
3211 3259 3456 3361 poni,
3561 3259 3707 3334 sed
3782 3286 3979 3337 vere

714 3390 1074 3481 mediali,
1174 3390 1888 3491 Thucydidemque
1974 3401 2249 3468 nostro
2339 3392 2522 3496 loco
2597 3393 2988 3492 junxisse·
3047 3392 3200 3467 tria
3286 3392 3529 3467 verba
3621 3391 3977 3490 ejusdem

711 3521 1031 3624 generis
1105 3531 1188 3598 et
1259 3522 1554 3599 formae
1639 3521 2236 3622 ἐπεξέρχεσθαι,
2320 3522 2827 3616 διόλλυσθαι,
2919 3520 3417 3625 ὑφορᾶσθαι,
3520 3532 3611 3597 ut
3683 3523 3976 3618 odium,

713 3655 937 3746 iram,
1011 3653 1367 3730 furorem
1438 3680 1746 3747 eorum,
1790 3656 1966 3754 ,qui
2036 3656 2208 3734 sine
2271 3656 2486 3756 justa
2561 3681 2828 3733 caussa
2900 3655 3095 3731 alios
3166 3653 3484 3757 injuriis
3555 3654 3975 3750 lacessunt,

713 3789 970 3863 intimo
1037 3788 1282 3862 animo
1342 3787 1838 3865 reconditum
1903 3787 2301 3892 significet
2373 3812 2806 3888 eorumque
2874 3787 3220 3864 studium
3311 3799 3394 3863 et
3473 3786 3983 3889 cupiditatem

715 3918 967 3996 omnia
1054 3919 1140 3994 in
1223 3943 1434 3994 suam
1521 3920 1846 4021 gratiam
1932 3935 2015 3998 et
2085 3921 2554 4014 utilitatem,
2657 3921 2742 3996 in
2827 3919 3454 3997 adversariorum
3540 3905 3982 4019 perniciem

716 4052 1258 4128 convertendi.
1368 4055 1840 4127 Διόλλυνται
1887 4052 2134 4153 igitur
2183 4066 2306 4129 est
2353 4053 2501 4129 sibi
2545 4053 2931 4153 perdunt,
2981 4053 3103 4129 uti
3151 4049 3655 4126 δικαιώσεσθε
3704 4052 3980 4128 eodem

715 4184 1020 4286 capite,
1118 4184 1202 4258 in
1275 4209 1432 4282 quo
1506 4183 1783 4285 plures
1859 4185 2346 4285 interpretes
2419 4187 2884 4275 haeserunt,
2955 4186 2964 4192 ’
2976 4185 3351 4285 judicium
3432 4182 3702 4283 feretis
3769 4180 3982 4258 vobis

716 4314 769 4390 i.
847 4340 918 4390 e.
993 4315 1072 4390 in
1144 4330 1472 4394 vestrum
1543 4315 1926 4413 damuum3
2023 4341 2282 4417 neque
2357 4319 2596 4393 aliter
2671 4317 3192 4417 intelligenda
3265 4311 3831 4415 ἐπεξέρχεσθαι
3900 4325 3982 4390 et

713 4440 1199 4546 ὑφορᾶσθαι.
1328 4448 1640 4526 Etenim
1662 4501 1687 4543 ,
1784 4474 1986 4550 quae
2058 4473 2203 4526 nos
2276 4449 2757 4548 deponentia
2825 4449 3158 4527 dicimus
3177 4502 3204 4543 ,
3306 4449 3560 4525 omnia
3635 4456 3820 4526 sunt
3892 4457 3979 4524 et

716 4578 1028 4678 origine
1084 4593 1167 4656 et
1220 4582 1953 4681 probatissimorum
2005 4580 2492 4684 scriptorum
2551 4607 2702 4658 usu
2745 4579 3157 4677 reflexiva3
3242 4579 3809 4680 ἐπεξέρχεσθαι
3856 4589 3980 4656 est
