4856 5857
2400 594 2483 681 4

806 836 1185 943 ἡμέτερον
1235 845 1531 940 νομίζω
1552 884 1649 898 --
1673 845 2057 938 μενρντων
2122 828 2346 938 ἦμῶν
2392 843 2819 939 ξύμμαχον
2882 849 3218 943 γίγνεται
3234 896 3262 941 ‚
3342 844 3915 952 ὑποχωρήσασι
3970 853 4086 950 δὲ,

805 983 1087 1077 καίπερ
1155 979 1510 1072 χαλεπὸν
1575 972 1689 1069 ὅν,
1751 970 2093 1075 εὔπορον
2143 971 2400 1069 ἔσται,
2450 973 2784 1071 μηδένος
2850 979 3283 1068 κωλύοντος
3329 1005 3401 1057 κ.
3451 1004 3523 1058 τ.
3571 986 3646 1060 λ.
3706 1021 3811 1040 --
3857 989 3949 1059 τό
4002 1009 4084 1061 τε

806 1106 1126 1204 πλῆθος
1188 1107 1451 1186 αὐτῶν
1513 1106 1658 1183 οὐκ
1724 1102 1929 1200 ἄγαν
1991 1104 2118 1180 δεῖ
2176 1106 2635 1206 φοβεῖσθαι.
2737 1106 2901 1188 Qui
2976 1108 3205 1190 locus
3281 1123 3368 1189 et
3443 1114 3620 1216 ipse
3704 1117 4082 1195 Goeller«)
4131 1170 4144 1182 ·

806 1236 967 1317 tam
1054 1241 1512 1318 salebrosus
1602 1263 1781 1315 esse
1876 1238 2096 1316 visus
2188 1250 2316 1314 est
2338 1288 2365 1331 ,
2468 1247 2563 1313 ut
2655 1233 2700 1313 ὅ
2796 1238 2883 1315 in
2950 1250 3290 1343 utraque
3383 1246 3737 1325 editione
3809 1248 4084 1327 verbis

809 1371 1363 1473 Thucydideis
1413 1370 1827 1448 insereret.
1935 1370 2252 1472 Operae
2305 1369 2550 1471 igitur
2596 1368 2947 1471 pretium
2996 1398 3123 1450 me
3158 1373 3552 1453 facturum
3591 1405 3769 1458 esse
3812 1406 4079 1481 spero,

810 1503 888 1581 si
962 1504 1048 1578 in
1120 1502 1484 1605 asyndeti
1560 1515 1914 1579 naturam
1986 1512 2070 1578 et
2131 1527 2360 1580 usum
2410 1501 2856 1580 accuratius
2927 1503 3420 1602 inquisivere
3434 1557 3461 1601 ,
3538 1519 3666 1603 ut,
3744 1511 3940 1611 quid
3997 1523 4084 1588 et
4145 1504 4158 1513 “

811 1633 1132 1735 linguae
1196 1635 1419 1735 leges
1491 1644 1573 1712 et
1639 1635 2123 1741 scriptorum
2168 1660 2360 1711 usus
2424 1633 2824 1728 admittat,
2893 1646 3120 1713 certo
3159 1636 3470 1736 judicio
3518 1639 3756 1718 statui
3802 1642 4081 1742 possit,

816 1776 902 1844 et
947 1767 1380 1868 praecipua
1432 1766 1840 1843 doctrinae
1894 1766 2000 1841 de
2050 1769 2438 1868 asyndeto
2497 1768 2584 1845 in
2637 1768 2946 1845 Graeco
3002 1791 3371 1845 sermone
3419 1768 3684 1869 capita
3736 1770 4084 1852 tironum

817 1899 905 1976 in
971 1918 1194 1975 usum
1258 1907 1778 2000 exponantur.
1896 1896 2124 1972 Haec
2199 1909 2459 1974 autem
2527 1909 2651 1976 est
2710 1899 3095 1978 sermonis
3150 1897 3438 1976 Graeci
3485 1900 3664 1978 fere
3714 1914 4084 1983 constans

819 2039 906 2108 et
987 2041 1381 2132 perpetua
1477 2029 1647 2122 lex,
1760 2036 1856 2104 ut
1940 2029 2328 2122 rationes,
2460 2055 2668 2131 quae
2760 2029 2976 2108 inter
3053 2030 3410 2133 singulas
3501 2025 4084 2112 enuntiationes

818 2164 1363 2250 intercedant,
1437 2159 1609 2238 sive
1658 2160 1859 2239 istae
1910 2158 2127 2237 inter
2175 2184 2264 2237 se
2314 2163 2949 2262 conjunguntur,
3029 2162 3207 2239 sive
3267 2176 3824 2263 opponuntur,
3909 2167 4082 2244 sive

823 2321 1034 2371 nexu
1088 2290 1421 2370 caussali
1472 2290 1573 2366 ad
1623 2316 1713 2368 se
1762 2292 2255 2385 referuntur,
2309 2291 2771 2394 particulis,
2835 2316 3168 2393 quarum
3218 2290 3499 2396 ingens
3552 2295 3880 2375 Graecis
3931 2298 4084 2377 fuit

823 2426 1079 2528 copia,
1132 2449 1292 2500 non
1316 2424 1549 2501 modo
1576 2423 2164 2502 accuratissime
2189 2425 2769 2528 significentur,
2810 2423 2959 2503 sed
2982 2421 3239 2502 oculis
3277 2425 3503 2524 quasi
3527 2427 4079 2528 subjiciantur.

821 2555 1349 2635 Nihilominus
1417 2566 1677 2633 tamen
1736 2582 2056 2635 caussae
2115 2567 2341 2651 sunt,
2423 2559 2530 2636 ob
2597 2584 2789 2659 quas
2869 2556 3156 2658 copula
3227 2579 3391 2634 non
3437 2584 3621 2636 raro
3671 2562 4084 2658 omittitur,

824 2716 1016 2792 quas
1078 2691 1164 2765 in
1231 2687 1456 2789 epica
1509 2688 1739 2789 poesi
1800 2688 2332 2766 Hermannus.
2367 2691 2470 2767 ad
2531 2689 2766 2767 Hom.
2833 2688 3127 2789 Hymn.
3193 2686 3282 2764 in
3329 2691 3731 2769 Venerem
3778 2719 3855 2774 v.
3915 2695 4006 2771 17
4009 2695 4079 2771 7.

824 2830 1165 2922 quatuor
1214 2844 1391 2896 esse
1437 2830 1734 2914 censet,
1784 2846 1986 2921 quae
2036 2821 2356 2922 quidem
2404 2846 2567 2899 non
2614 2822 2871 2901 solum
2918 2821 3008 2897 in
3056 2819 3286 2924 epica
3335 2823 3603 2923 poesi,
3656 2825 3803 2902 sed
3852 2824 4089 2905 etiam

822 2955 911 3036 in
956 2954 1171 3040 omni
1214 2951 1592 3032 orationis
1642 2980 1945 3056 genere
1994 2956 2261 3032 valent
2295 2962 2380 3031 et
2422 2954 2693 3032 valere
2744 2954 3068 3032 debent.
3179 2954 3533 3032 Primum
3593 2956 4090 3057 perturbatus

828 3088 1118 3164 animus
1157 3110 1536 3186 personae
1585 3085 1996 3186 loqueatis,
2074 3111 2280 3189 quae
2351 3086 2671 3189 quidem
2721 3111 2994 3166 caussa
3042 3085 3128 3164 in
3180 3086 3544 3164 omnibus
3591 3087 3887 3191 linguis
3935 3117 4089 3192 pro

826 3219 1161 3310 affectus
1224 3219 1609 3320 gravitate
1691 3231 1772 3295 et
1850 3218 2387 3312 vehementia,
2474 3218 2916 3300 orationem
2985 3220 3444 3297 necessario
3521 3197 4080 3322 perturbante,

831 3353 1165 3430 obtinet.
1297 3352 1500 3431 Inde
1585 3361 1807 3452 patet
1818 3402 1846 3444 ,
1950 3352 2037 3429 in
2120 3351 2599 3431 carminibus
2680 3350 2960 3454 lyricis
3047 3351 3287 3456 longe
3360 3351 3830 3431 liberiorem
3910 3378 4089 3432 esse
4168 3359 4176 3366 ’

833 3488 1393 3587 asyndetorum
1467 3511 1691 3564 usum
1703 3538 1730 3579 ,
1832 3510 2074 3587 quum
2172 3484 2260 3561 in
2363 3485 2466 3563 iis
2563 3484 2896 3563 affectus
2997 3507 3435 3583 sensusque
3534 3484 4091 3584 commotiores

823 3616 1361 3700 dominentur.
1467 3619 1637 3700 Qua
1689 3620 1794 3697 de
1848 3644 2116 3696 caussa
2165 3626 2444 3719 poetas
2489 3617 2792 3719 lyricos
2869 3625 3033 3693 tum
3092 3615 3407 3692 demum
3467 3614 3771 3710 citabo,
3850 3641 4091 3717 quum

836 3745 1109 3827 eorum
1182 3774 1374 3827 usus
1447 3762 1584 3827 aut
1656 3778 1834 3830 cum
1912 3762 2359 3832 ceterorum
2422 3751 2910 3851 scriptorum
2972 3772 3126 3824 usu
3188 3746 3562 3848 congruit
3575 3797 3604 3841 ,
3695 3757 3834 3828 aut
3907 3773 4090 3826 eum

836 3881 1210 3962 illustrat.
1316 3882 1561 3960 Plura
1611 3884 1716 3960 de
1764 3884 1920 3962 hoc
1969 3910 2123 3963 usu
2167 3884 2391 3964 dabit
2433 3883 2746 3963 Dissen-
2798 3879 2885 3957 in
2932 3878 3388 3960 doctissimo
3438 3904 3778 3960 excursu
3826 3879 3928 3958 11.
3987 3881 4090 3957 ad

836 4012 1266 4092 Pindarum
1317 4016 1440 4094 ed.
1500 4018 1735 4095 Goth.
1786 4017 1882 4093 T.
1934 4018 2001 4094 1.
2053 4043 2135 4119 p.
2165 4016 2343 4094 273.
2380 4044 2547 4119 sqq.
2654 4012 2976 4092 Deinde
3004 4038 3224 4112 quum
3252 4014 3617 4115 incipitur
3639 4014 3957 4092 narrari
3995 4012 4094 4093 de

839 4171 926 4223 re
975 4169 1169 4223 nova
1218 4161 1293 4223 et
1343 4150 1616 4246 gravi,
1683 4149 1971 4251 quibus
2020 4150 2222 4228 locis
2272 4149 2561 4252 copula
2607 4155 2834 4230 recte
2881 4144 3310 4246 omittitur,
3385 4171 3626 4247 quum
3673 4169 3804 4223 res
3851 4145 4090 4246 plane

839 4304 1039 4357 nova
1086 4279 1290 4356 nihil
1339 4280 1650 4374 habeat,
1701 4308 1857 4381 quo
1909 4308 2087 4359 cum
2141 4281 2268 4375 iis,
2316 4307 2521 4383 quae
2557 4281 3055 4373 antecedant,
3107 4280 3660 4380 conjungatur,
3713 4291 3963 4372 certe,
4015 4277 4086 4356 si

842 4412 1301 4512 conjunctio
1321 4414 1699 4514 quaedam
1724 4426 1871 4506 est,
1924 4440 2017 4492 ea
2046 4428 2323 4515 postea
2360 4417 2672 4492 demum
2698 4411 3228 4513 cognoscitur.
3292 4409 3849 4490 Conferendus
3876 4410 4086 4490 idem

841 4540 1338 4624 Hermannus
1389 4548 1493 4624 ad
1541 4545 1792 4649 Soph.
1845 4547 2134 4625 Trach.
2187 4575 2262 4626 V.
2304 4545 2481 4627 896.
2534 4547 2857 4642 docens,
2910 4543 3281 4641 Graecos,
3331 4544 3462 4624 ubi
3507 4569 3593 4625 ae
3637 4559 4092 4624 narraturos
